@misc{book01,
	Author = {Georg},
	Title = {I have never wrote a book},
	Year = {2014},
}

@misc{book02,
	Author = {Anton},
	Title = {The secret of life},
	Year = {2005},
}
