@misc{paper01,
	Author = {Maia},
	Title = {What I have learnt today?},
	Year = {2019},
}

@misc{paper02,
	Author = {Willi},
	Title = {The sun is blue},
	Year = {1998},
}

@misc{paper03,
	Author = {Peter},
	Title = {You should have cats!},
	Year = {2001},
}
